<record xmlns="http://www.loc.gov/MARC21/slim" xmlns:xsi="http://www.w3.org/2001/XMLSchema-instance" xsi:schemaLocation="http://www.loc.gov/MARC21/slim http://www.loc.gov/standards/marcxml/schema/MARC21slim.xsd">

  <leader>00655nam a2200193Ia 4500</leader>
  <datafield ind2=" " ind1=" " tag="999">
    <subfield code="c">1273</subfield>
    <subfield code="d">1273</subfield>
  </datafield>
  <controlfield tag="008">170526b1996    p  ||||| |||| 00| | spa d</controlfield>
  <datafield ind2=" " ind1=" " tag="090">
    <subfield code="a">04.02.01 </subfield>
    <subfield code="b">1042</subfield>
  </datafield>
  <datafield tag="245" ind1="1" ind2="0">
    <subfield code="a">Derechos humanos de las mujeres / </subfield>
    <subfield code="c">Jesús Gonzáles Amuchastegui y otros</subfield>
  </datafield>
  <datafield ind2=" " ind1=" " tag="260">
    <subfield code="a">Perú : </subfield>
    <subfield code="b">Movimiento Manuela Ramos, </subfield>
    <subfield code="c">1996</subfield>
  </datafield>
  <datafield tag="300" ind1=" " ind2=" ">
    <subfield code="a">339 páginas</subfield>
  </datafield>
  <datafield tag="490" ind1=" " ind2=" ">
    <subfield code="a">Mujer y Derechos Humanos, </subfield>
    <subfield code="v">2</subfield>
  </datafield>
  <datafield ind2="4" ind1="1" tag="650">
    <subfield code="a">DERECHOS DE LA MUJER</subfield>
    <subfield code="9">84</subfield>
  </datafield>
  <datafield ind2="4" ind1="1" tag="650">
    <subfield code="a">DERECHOS HUMANOS</subfield>
    <subfield code="9">588</subfield>
  </datafield>
  <datafield tag="650" ind1="1" ind2="4">
    <subfield code="9">956</subfield>
    <subfield code="a">IGUALDAD DE GÉNERO </subfield>
  </datafield>
  <datafield tag="650" ind1="1" ind2="4">
    <subfield code="a"> IGUALDAD DE OPORTUNIDADES</subfield>
    <subfield code="9">952</subfield>
  </datafield>
  <datafield ind2="4" ind1="1" tag="650">
    <subfield code="a">VIOLENCIA CONTRA LAS MUJERES</subfield>
    <subfield code="9">85</subfield>
  </datafield>
  <datafield ind2=" " tag="700" ind1="1">
    <subfield code="a">Gonzáles Amuchastegui, Jesús</subfield>
    <subfield code="9">2870</subfield>
  </datafield>
  <datafield ind2=" " ind1=" " tag="942">
    <subfield code="2">z</subfield>
    <subfield code="c">01</subfield>
  </datafield>
</record>